@inproceedings{nairat2011character,
  title={Character evolution approach to generative storytelling},
  author={Nairat, Malik and Dahlstedt, Palle and Nordahl, Mats G},
  booktitle={Evolutionary Computation (CEC), 2011 IEEE Congress on},
  pages={1258--1263},
  year={2011},
  organization={IEEE}
}

@book{morrell2006between,
  title={Between the Lines: Master the Subtle Elements of Fiction Writing},
  author={Morrell, Jessica},
  year={2006},
  publisher={Writer's Digest Books}
}

@article{cioffi2012evolutionary,
  title={Evolutionary computation and agent-based modeling: biologically-inspired approaches for understanding complex social systems},
  author={Cioffi-Revilla, Claudio and De Jong, Kenneth and Bassett, Jeffrey K},
  journal={Computational and Mathematical Organization Theory},
  volume={18},
  number={3},
  pages={356--373},
  year={2012},
  publisher={Springer}
}

@inproceedings{arinbjarnar2009critical,
  title={A critical review of interactive drama systems},
  author={Arinbjarnar, Maria and Barber, Heather and Kudenko, Daniel},
  booktitle={AISB 2009 Symposium. AI \& Games, Edinburgh},
  year={2009},
  organization={Citeseer}
}

@article{togelius2011search,
  title={Search-based procedural content generation: A taxonomy and survey},
  author={Togelius, Julian and Yannakakis, Georgios N and Stanley, Kenneth O and Browne, Cameron},
  journal={Computational Intelligence and AI in Games, IEEE Transactions on},
  volume={3},
  number={3},
  pages={172--186},
  year={2011},
  publisher={IEEE}
}

@techreport{meehan1976metanovel,
  title={The metanovel: writing stories by computer.},
  author={Meehan, James Richard},
  year={1976},
  institution={DTIC Document}
}

@article{lebowitz1985story,
  title={Story-telling as planning and learning},
  author={Lebowitz, Michael},
  journal={Poetics},
  volume={14},
  number={6},
  pages={483--502},
  year={1985},
  publisher={Elsevier}
}

@book{turner2014creative,
  title={The creative process: A computer model of storytelling and creativity},
  author={Turner, Scott R},
  year={2014},
  publisher={Psychology Press}
}

@inproceedings{riedl2008toward,
  title={Toward vignette-based story generation for drama management systems},
  author={Riedl, Mark O and Leon, Carlos},
  booktitle={Proceedings of the 2nd international conference on intelligent technologies for interactive entertainment (INTETAIN), workshop on integrating technologies for interactive stories},
  year={2008}
}

@inproceedings{swartjes2007emergent,
  title={Emergent story generation: Lessons from improvisational theater},
  author={Swartjes, Ivo and Vromen, Joost},
  booktitle={Intelligent Narrative Technologies: Papers from the AAAI Fall Symposium. Number FS-07-05 in AAAI Fall Symposium Series},
  year={2007}
}

@book{garry2005archetypes,
  title={Archetypes and Motifs in Folklore and Literature},
  author={Garry, Jane and El-Shamy, Hasan},
  year={2005},
  publisher={ME sharpe}
}

@BOOK{FSM_Booth,
	AUTHOR       = "Taylor L. Booth",
	TITLE        = "Sequential Machines and Automata Theory",
	PUBLISHER    = "John Wiley and Sons, Inc.",
	YEAR         = "1967",
	ADDRESS      = "New York",
	EDITION      = "1st"
}
