
@article{DBLP:journals/corr/BhattacharyaIM14,
  author    = {Maumita Bhattacharya and R. Islam and A. Mahmood},
  title     = {Uncertainty And Evolutionary Optimization: {A} Novel Approach},
  journal   = {CoRR},
  year      = {2014},
  volume    = {abs/1407.4000},
  url       = {http://arxiv.org/abs/1407.4000},
  timestamp = {Mon, 20 Oct 2014 13:33:09 +0200},
  biburl    = {http://dblp.uni-trier.de/rec/bib/journals/corr/BhattacharyaIM14},
  bibsource = {dblp computer science bibliography, http://dblp.org}
}

